@article{Russakovsky2015,
  doi = {10.1007/s11263-015-0816-y},
  url = {https://doi.org/10.1007/s11263-015-0816-y},
  year  = {2015},
  month = {apr},
  publisher = {Springer Nature},
  volume = {115},
  number = {3},
  pages = {211--252},
  author = {Olga Russakovsky and Jia Deng and Hao Su and Jonathan Krause and Sanjeev Satheesh and Sean Ma and Zhiheng Huang and Andrej Karpathy and Aditya Khosla and Michael Bernstein and Alexander C. Berg and Li Fei-Fei},
  title = {{ImageNet} Large Scale Visual Recognition Challenge},
  journal = {International Journal of Computer Vision}
}
@inproceedings{Oquab:2014:LTM:2679600.2680210,
 author = {Oquab, Maxime and Bottou, Leon and Laptev, Ivan and Sivic, Josef},
 title = {Learning and Transferring Mid-level Image Representations Using Convolutional Neural Networks},
 booktitle = {Proceedings of the 2014 IEEE Conference on Computer Vision and Pattern Recognition},
 series = {CVPR '14},
 year = {2014},
 isbn = {978-1-4799-5118-5},
 pages = {1717--1724},
 numpages = {8},
 url = {https://doi.org/10.1109/CVPR.2014.222},
 doi = {10.1109/CVPR.2014.222},
 acmid = {2680210},
 publisher = {IEEE Computer Society},
 address = {Washington, DC, USA},
} 
@inproceedings{donahue2014decaf,
  title={Decaf: A deep convolutional activation feature for generic visual recognition},
  author={Donahue, Jeff and Jia, Yangqing and Vinyals, Oriol and Hoffman, Judy and Zhang, Ning and Tzeng, Eric and Darrell, Trevor},
  booktitle={International conference on machine learning},
  pages={647--655},
  year={2014}
}
@inproceedings{glorot2011domain,
  title={Domain adaptation for large-scale sentiment classification: A deep learning approach},
  author={Glorot, Xavier and Bordes, Antoine and Bengio, Yoshua},
  booktitle={Proceedings of the 28th international conference on machine learning (ICML-11)},
  pages={513--520},
  year={2011}
}
@inproceedings{mahajan2018exploring,
  title={Exploring the limits of weakly supervised pretraining},
  author={Mahajan, Dhruv and Girshick, Ross and Ramanathan, Vignesh and He, Kaiming and Paluri, Manohar and Li, Yixuan and Bharambe, Ashwin and van der Maaten, Laurens},
  booktitle={Proceedings of the European Conference on Computer Vision (ECCV)},
  pages={181--196},
  year={2018}
}
@inproceedings{He2016,
  doi = {10.1109/cvpr.2016.90},
  url = {https://doi.org/10.1109/cvpr.2016.90},
  year  = {2016},
  month = {jun},
  publisher = {{IEEE}},
  author = {Kaiming He and Xiangyu Zhang and Shaoqing Ren and Jian Sun},
  title = {Deep Residual Learning for Image Recognition},
  booktitle = {2016 {IEEE} Conference on Computer Vision and Pattern Recognition ({CVPR})}
}
@article{simonyan2014very,
  title={Very deep convolutional networks for large-scale image recognition},
  author={Simonyan, Karen and Zisserman, Andrew},
  journal={arXiv preprint arXiv:1409.1556},
  year={2014}
}
@inproceedings{Long2015,
  doi = {10.1109/cvpr.2015.7298965},
  url = {https://doi.org/10.1109/cvpr.2015.7298965},
  year  = {2015},
  month = {jun},
  publisher = {{IEEE}},
  author = {Jonathan Long and Evan Shelhamer and Trevor Darrell},
  title = {Fully convolutional networks for semantic segmentation},
  booktitle = {2015 {IEEE} Conference on Computer Vision and Pattern Recognition ({CVPR})}
}
@article{JialueFan2010,
  doi = {10.1109/tnn.2010.2066286},
  url = {https://doi.org/10.1109/tnn.2010.2066286},
  year  = {2010},
  month = {oct},
  publisher = {Institute of Electrical and Electronics Engineers ({IEEE})},
  volume = {21},
  number = {10},
  pages = {1610--1623},
  author = {Jialue Fan and  Wei Xu and  Ying Wu and  Yihong Gong},
  title = {Human Tracking Using Convolutional Neural Networks},
  journal = {{IEEE} Transactions on Neural Networks}
}
@inproceedings{Girshick2014,
  doi = {10.1109/cvpr.2014.81},
  url = {https://doi.org/10.1109/cvpr.2014.81},
  year  = {2014},
  month = {jun},
  publisher = {{IEEE}},
  author = {Ross Girshick and Jeff Donahue and Trevor Darrell and Jitendra Malik},
  title = {Rich Feature Hierarchies for Accurate Object Detection and Semantic Segmentation},
  booktitle = {2014 {IEEE} Conference on Computer Vision and Pattern Recognition}
}
@inproceedings{Deng2009,
  doi = {10.1109/cvpr.2009.5206848},
  url = {https://doi.org/10.1109/cvpr.2009.5206848},
  year  = {2009},
  month = {jun},
  publisher = {{IEEE}},
  author = {Jia Deng and Wei Dong and Richard Socher and Li-Jia Li and  Kai Li and  Li Fei-Fei},
  title = {{ImageNet}: A large-scale hierarchical image database},
  booktitle = {2009 {IEEE} Conference on Computer Vision and Pattern Recognition}
}
@article{Everingham2009,
  doi = {10.1007/s11263-009-0275-4},
  url = {https://doi.org/10.1007/s11263-009-0275-4},
  year  = {2009},
  month = {sep},
  publisher = {Springer Nature},
  volume = {88},
  number = {2},
  pages = {303--338},
  author = {Mark Everingham and Luc Van Gool and Christopher K. I. Williams and John Winn and Andrew Zisserman},
  title = {The Pascal Visual Object Classes ({VOC}) Challenge},
  journal = {International Journal of Computer Vision}
}
@article{ando2005framework,
  title={A framework for learning predictive structures from multiple tasks and unlabeled data},
  author={Ando, Rie Kubota and Zhang, Tong},
  journal={Journal of Machine Learning Research},
  volume={6},
  number={Nov},
  pages={1817--1853},
  year={2005}
}
@article{LeCun2015,
  doi = {10.1038/nature14539},
  url = {https://doi.org/10.1038/nature14539},
  year  = {2015},
  month = {may},
  publisher = {Springer Nature},
  volume = {521},
  number = {7553},
  pages = {436--444},
  author = {Yann LeCun and Yoshua Bengio and Geoffrey Hinton},
  title = {Deep learning},
  journal = {Nature}
}
@article{Hinton2006,
  doi = {10.1162/neco.2006.18.7.1527},
  url = {https://doi.org/10.1162/neco.2006.18.7.1527},
  year  = {2006},
  month = {jul},
  publisher = {{MIT} Press - Journals},
  volume = {18},
  number = {7},
  pages = {1527--1554},
  author = {Geoffrey E. Hinton and Simon Osindero and Yee-Whye Teh},
  title = {A Fast Learning Algorithm for Deep Belief Nets},
  journal = {Neural Computation}
}

@article{Bengio2009,
  doi = {10.1561/2200000006},
  url = {https://doi.org/10.1561/2200000006},
  year  = {2009},
  publisher = {Now Publishers},
  volume = {2},
  number = {1},
  pages = {1--127},
  author = {Y. Bengio},
  title = {Learning Deep Architectures for {AI}},
  journal = {Foundations and Trends{\textregistered} in Machine Learning}
}
@inproceedings{Yang2007,
  doi = {10.1145/1291233.1291276},
  url = {https://doi.org/10.1145/1291233.1291276},
  year  = {2007},
  publisher = {{ACM} Press},
  author = {Jun Yang and Rong Yan and Alexander G. Hauptmann},
  title = {Cross-domain video concept detection using adaptive svms},
  booktitle = {Proceedings of the 15th international conference on Multimedia  - {MULTIMEDIA} {\textquotesingle}07}
}
@incollection{Csurka2017,
  doi = {10.1007/978-3-319-58347-1_1},
  url = {https://doi.org/10.1007/978-3-319-58347-1_1},
  year  = {2017},
  publisher = {Springer International Publishing},
  pages = {1--35},
  author = {Gabriela Csurka},
  title = {A Comprehensive Survey on Domain Adaptation for Visual Applications},
  booktitle = {Domain Adaptation in Computer Vision Applications}
}
@inproceedings{BoqingGong2012,
  doi = {10.1109/cvpr.2012.6247911},
  url = {https://doi.org/10.1109/cvpr.2012.6247911},
  year  = {2012},
  month = {jun},
  publisher = {{IEEE}},
  author = {Boqing Gong and  Yuan Shi and  Fei Sha and K. Grauman},
  title = {Geodesic flow kernel for unsupervised domain adaptation},
  booktitle = {2012 {IEEE} Conference on Computer Vision and Pattern Recognition}
}
@inproceedings{Fernando2013,
  doi = {10.1109/iccv.2013.368},
  url = {https://doi.org/10.1109/iccv.2013.368},
  year  = {2013},
  month = {dec},
  publisher = {{IEEE}},
  author = {Basura Fernando and Amaury Habrard and Marc Sebban and Tinne Tuytelaars},
  title = {Unsupervised Visual Domain Adaptation Using Subspace Alignment},
  booktitle = {2013 {IEEE} International Conference on Computer Vision}
}
@article{Bruzzone2010,
  doi = {10.1109/tpami.2009.57},
  url = {https://doi.org/10.1109/tpami.2009.57},
  year  = {2010},
  month = {may},
  publisher = {Institute of Electrical and Electronics Engineers ({IEEE})},
  volume = {32},
  number = {5},
  pages = {770--787},
  author = {L. Bruzzone and M. Marconcini},
  title = {Domain Adaptation Problems: A {DASVM} Classification Technique and a Circular Validation Strategy},
  journal = {{IEEE} Transactions on Pattern Analysis and Machine Intelligence}
}
@article{LixinDuan2012,
  doi = {10.1109/tpami.2011.114},
  url = {https://doi.org/10.1109/tpami.2011.114},
  year  = {2012},
  month = {mar},
  publisher = {Institute of Electrical and Electronics Engineers ({IEEE})},
  volume = {34},
  number = {3},
  pages = {465--479},
  author = {Lixin Duan and I. W. Tsang and  Dong Xu},
  title = {Domain Transfer Multiple Kernel Learning},
  journal = {{IEEE} Transactions on Pattern Analysis and Machine Intelligence}
}
@article{SiSi2010,
  doi = {10.1109/tkde.2009.126},
  url = {https://doi.org/10.1109/tkde.2009.126},
  year  = {2010},
  month = {jul},
  publisher = {Institute of Electrical and Electronics Engineers ({IEEE})},
  volume = {22},
  number = {7},
  pages = {929--942},
  author = {Si Si and  Dacheng Tao and  Bo Geng},
  title = {Bregman Divergence-Based Regularization for Transfer Subspace Learning},
  journal = {{IEEE} Transactions on Knowledge and Data Engineering}
}
@article{BenDavid2009,
  doi = {10.1007/s10994-009-5152-4},
  url = {https://doi.org/10.1007/s10994-009-5152-4},
  year  = {2009},
  month = {oct},
  publisher = {Springer Nature},
  volume = {79},
  number = {1-2},
  pages = {151--175},
  author = {Shai Ben-David and John Blitzer and Koby Crammer and Alex Kulesza and Fernando Pereira and Jennifer Wortman Vaughan},
  title = {A theory of learning from different domains},
  journal = {Machine Learning}
}
@article{Pan2011,
  doi = {10.1109/tnn.2010.2091281},
  url = {https://doi.org/10.1109/tnn.2010.2091281},
  year  = {2011},
  month = {feb},
  publisher = {Institute of Electrical and Electronics Engineers ({IEEE})},
  volume = {22},
  number = {2},
  pages = {199--210},
  author = {Sinno Jialin Pan and Ivor W. Tsang and James T. Kwok and Qiang Yang},
  title = {Domain Adaptation via Transfer Component Analysis},
  journal = {{IEEE} Transactions on Neural Networks}
}
@inproceedings{Blitzer:2006:DAS:1610075.1610094,
 author = {Blitzer, John and McDonald, Ryan and Pereira, Fernando},
 title = {Domain Adaptation with Structural Correspondence Learning},
 booktitle = {Proceedings of the 2006 Conference on Empirical Methods in Natural Language Processing},
 series = {EMNLP '06},
 year = {2006},
 isbn = {1-932432-73-6},
 location = {Sydney, Australia},
 pages = {120--128},
 numpages = {9},
 url = {http://dl.acm.org/citation.cfm?id=1610075.1610094},
 acmid = {1610094},
 publisher = {Association for Computational Linguistics},
 address = {Stroudsburg, PA, USA},
} 
@article{Taylor:2009:TLR:1577069.1755839,
 author = {Taylor, Matthew E. and Stone, Peter},
 title = {Transfer Learning for Reinforcement Learning Domains: A Survey},
 journal = {J. Mach. Learn. Res.},
 issue_date = {12/1/2009},
 volume = {10},
 month = dec,
 year = {2009},
 issn = {1532-4435},
 pages = {1633--1685},
 numpages = {53},
 url = {http://dl.acm.org/citation.cfm?id=1577069.1755839},
 acmid = {1755839},
 publisher = {JMLR.org},
} 
[download]
@article{DaumeIII2006,
  doi = {10.1613/jair.1872},
  url = {https://doi.org/10.1613/jair.1872},
  year  = {2006},
  month = {jun},
  publisher = {{AI} Access Foundation},
  volume = {26},
  pages = {101--126},
  author = {H. Daume III and D. Marcu},
  title = {Domain Adaptation for Statistical Classifiers},
  journal = {Journal of Artificial Intelligence Research}
}
@inproceedings{thrun1996learning,
  title={Is learning the n-th thing any easier than learning the first?},
  author={Thrun, Sebastian},
  booktitle={Advances in neural information processing systems},
  pages={640--646},
  year={1996}
}
@book{Chapelle:2010:SL:1841234,
 author = {Chapelle, Olivier and Schlkopf, Bernhard and Zien, Alexander},
 title = {Semi-Supervised Learning},
 year = {2010},
 isbn = {0262514125, 9780262514125},
 edition = {1st},
 publisher = {The MIT Press},
} 
@inproceedings{Raina2007,
  doi = {10.1145/1273496.1273592},
  url = {https://doi.org/10.1145/1273496.1273592},
  year  = {2007},
  publisher = {{ACM} Press},
  author = {Rajat Raina and Alexis Battle and Honglak Lee and Benjamin Packer and Andrew Y. Ng},
  title = {Self-taught learning},
  booktitle = {Proceedings of the 24th international conference on Machine learning - {ICML} {\textquotesingle}07}
}
@book{Vapnik1998,
  added-at = {2009-11-30T17:48:31.000+0100},
  author = {Vapnik, Vladimir N.},
  biburl = {https://www.bibsonomy.org/bibtex/21a5aaa75fa8be088b01a7381d2f661be/fluctuator},
  interhash = {f211eacca8f6ce50e9c31c6bcc482809},
  intrahash = {1a5aaa75fa8be088b01a7381d2f661be},
  keywords = {imported},
  owner = {CHAENIG},
  publisher = {Wiley-Interscience},
  timestamp = {2009-11-30T17:48:32.000+0100},
  title = {Statistical Learning Theory},
  year = 1998
}


@article{Caruana1997,
  doi = {10.1023/a:1007379606734},
  url = {https://doi.org/10.1023/a:1007379606734},
  year  = {1997},
  publisher = {Springer Nature},
  volume = {28},
  number = {1},
  pages = {41--75},
  author = {Rich Caruana},
  journal = {Machine Learning}
}
@inproceedings{Mariano,
author = {Mariano, Ari and Santos, Maíra},
year = {2017},
month = {09},
pages = {},
title = {Revisão da Literatura: Apresentação de uma Abordagem Integradora}
}
@article{kessler2017scattertext,
  author    = {Kessler, Jason S.},
  title     = {Scattertext: a Browser-Based Tool for Visualizing how Corpora Differ},
  booktitle = {Proceedings of ACL-2017 System Demonstrations},
  year      = {2017},
  address   = {Vancouver, Canada},
  publisher = {Association for Computational Linguistics},
}
@PhdThesis{Ruder2019Neural,
  title={Neural Transfer Learning for Natural Language Processing},
  author={Ruder, Sebastian},
  year={2019},
  school={National University of Ireland, Galway}
}
@article{Vogel2012,
  doi = {10.1111/ijmr.12000},
  url = {https://doi.org/10.1111/ijmr.12000},
  year  = {2012},
  month = {oct},
  publisher = {Wiley},
  pages = {n/a--n/a},
  author = {Rick Vogel and Wolfgang H. G\"{u}ttel},
  title = {The Dynamic Capability View in Strategic Management: A Bibliometric Review},
  journal = {International Journal of Management Reviews}
}
@article{VOSviewer,
  doi = {10.1007/s11192-009-0146-3},
  url = {https://doi.org/10.1007/s11192-009-0146-3},
  year  = {2009},
  month = {dec},
  publisher = {Springer Nature},
  volume = {84},
  number = {2},
  pages = {523--538},
  author = {Nees Jan van Eck and Ludo Waltman},
  title = {Software survey: {VOSviewer},  a computer program for bibliometric mapping},
  journal = {Scientometrics}
}
@inproceedings{wifi,
  title={Through-wall human pose estimation using radio signals},
  author={Zhao, Mingmin and Li, Tianhong and Abu Alsheikh, Mohammad and Tian, Yonglong and Zhao, Hang and Torralba, Antonio and Katabi, Dina},
  booktitle={Proceedings of the IEEE Conference on Computer Vision and Pattern Recognition},
  pages={7356--7365},
  year={2018}
}

@misc{fei,
  title={Where have we been? Where are we going?},
  author={L. Fei-Fei, J. Deng},
  year={2017},
  publisher={http://image-net.org/},
  howpublished={\url{http://image-net.org/challenges/talks_2017/imagenet_ilsvrc2017_v1.0.pdf}},
  note = "[Online; accessada 28 de Junho de 2018]"
}

@article{skin_cancer,
author = {Haenssle, H A and Fink, C and Schneiderbauer, R and Toberer, F and Buhl, T and Blum, A and Kalloo, A and Hassen, A Ben Hadj and Thomas, L and Enk, A and Uhlmann, L and Reader study level-I and level-II Groups },
title = {Man against machine: diagnostic performance of a deep learning convolutional neural network for dermoscopic melanoma recognition in comparison to 58 dermatologists},
journal = {Annals of Oncology},
volume = {29},
number = {8},
pages = {1836-1842},
year = {2018},
doi = {10.1093/annonc/mdy166},
URL = {http://dx.doi.org/10.1093/annonc/mdy166},
}

@book{Thrun:1998:LL:296635,
 editor = {Thrun, Sebastian and Pratt, Lorien},
 title = {Learning to Learn},
 year = {1998},
 isbn = {0-7923-8047-9},
 publisher = {Kluwer Academic Publishers},
 address = {Norwell, MA, USA},
} 


@book{csurka2017domain,
  title={Domain adaptation in computer vision applications},
  author={Csurka, Gabriela},
  year={2017},
  publisher={Springer}
}
@inproceedings{deeptransferlearning,
  title={A Survey on Deep Transfer Learning},
  author={Tan, Chuanqi and Sun, Fuchun and Kong, Tao and Zhang, Wenchang and Yang, Chao and Liu, Chunfang},
  booktitle={International Conference on Artificial Neural Networks},
  pages={270--279},
  year={2018},
  organization={Springer}
}
@misc{ANg,
  title={Nuts and bolts of applying deep learning},
  author={Ng, Andrew},
  publisher={NeurIPS Tutorial},
  year={2016},
  url = {https://www.youtube.com/watch?v=F1ka6a13S9I&t=98s},
  note = "[Online; accessado 20 de novembro de 2018.]"
  
}

@article{Koch2006,
  doi = {10.1016/j.cub.2006.05.056},
  url = {https://doi.org/10.1016/j.cub.2006.05.056},
  year  = {2006},
  month = {jul},
  publisher = {Elsevier {BV}},
  volume = {16},
  number = {14},
  pages = {1428--1434},
  author = {Kristin Koch and Judith McLean and Ronen Segev and Michael A. Freed and Michael J. Berry and Vijay Balasubramanian and Peter Sterling},
  title = {How Much the Eye Tells the Brain},
  journal = {Current Biology}
}
@article{CycleGan,
  author    = {Jun{-}Yan Zhu and
               Taesung Park and
               Phillip Isola and
               Alexei A. Efros},
  title     = {Unpaired Image-to-Image Translation using Cycle-Consistent Adversarial
               Networks},
  journal   = {CoRR},
  volume    = {abs/1703.10593},
  year      = {2017},
  url       = {http://arxiv.org/abs/1703.10593},
  archivePrefix = {arXiv},
  eprint    = {1703.10593},
  timestamp = {Mon, 13 Aug 2018 16:48:06 +0200},
  biburl    = {https://dblp.org/rec/bib/journals/corr/ZhuPIE17},
  bibsource = {dblp computer science bibliography, https://dblp.org}
}
@article{ulmfit,
  author    = {Jeremy Howard and
               Sebastian Ruder},
  title     = {Fine-tuned Language Models for Text Classification},
  journal   = {CoRR},
  volume    = {abs/1801.06146},
  year      = {2018},
  url       = {http://arxiv.org/abs/1801.06146},
  archivePrefix = {arXiv},
  eprint    = {1801.06146},
  timestamp = {Mon, 13 Aug 2018 16:46:54 +0200},
  biburl    = {https://dblp.org/rec/bib/journals/corr/abs-1801-06146},
  bibsource = {dblp computer science bibliography, https://dblp.org}
}

@article{taskonomy,
  author    = {Amir Roshan Zamir and
               Alexander Sax and
               William B. Shen and
               Leonidas J. Guibas and
               Jitendra Malik and
               Silvio Savarese},
  title     = {Taskonomy: Disentangling Task Transfer Learning},
  journal   = {CoRR},
  volume    = {abs/1804.08328},
  year      = {2018},
  url       = {http://arxiv.org/abs/1804.08328},
  archivePrefix = {arXiv},
  eprint    = {1804.08328},
  timestamp = {Mon, 13 Aug 2018 16:47:11 +0200},
  biburl    = {https://dblp.org/rec/bib/journals/corr/abs-1804-08328},
  bibsource = {dblp computer science bibliography, https://dblp.org}
}
@inproceedings{Rezende2017,
  doi = {10.1109/sibgrapi.2017.16},
  url = {https://doi.org/10.1109/sibgrapi.2017.16},
  year  = {2017},
  month = {oct},
  publisher = {{IEEE}},
  author = {Edmar R.S. De Rezende and Guilherme C.S. Ruppert and Tiago Carvalho},
  title = {Detecting Computer Generated Images with Deep Convolutional Neural Networks},
  booktitle = {2017 30th {SIBGRAPI} Conference on Graphics,  Patterns and Images ({SIBGRAPI})}
}
@incollection{Lucena2017,
  doi = {10.1007/978-3-319-59876-5_4},
  url = {https://doi.org/10.1007/978-3-319-59876-5_4},
  year  = {2017},
  publisher = {Springer International Publishing},
  pages = {27--34},
  author = {Oeslle Lucena and Amadeu Junior and Vitor Moia and Roberto Souza and Eduardo Valle and Roberto Lotufo},
  title = {Transfer Learning Using Convolutional Neural Networks for Face Anti-spoofing},
  booktitle = {Lecture Notes in Computer Science}
}
@inproceedings{Venkateswara2017,
  doi = {10.1109/cvpr.2017.572},
  url = {https://doi.org/10.1109/cvpr.2017.572},
  year  = {2017},
  month = {jul},
  publisher = {{IEEE}},
  author = {Hemanth Venkateswara and Jose Eusebio and Shayok Chakraborty and Sethuraman Panchanathan},
  title = {Deep Hashing Network for Unsupervised Domain Adaptation},
  booktitle = {2017 {IEEE} Conference on Computer Vision and Pattern Recognition ({CVPR})}
}
@inproceedings{Ge2017,
  doi = {10.1109/cvpr.2017.9},
  url = {https://doi.org/10.1109/cvpr.2017.9},
  year  = {2017},
  month = {jul},
  publisher = {{IEEE}},
  author = {Weifeng Ge and Yizhou Yu},
  title = {Borrowing Treasures from the Wealthy: Deep Transfer Learning through Selective Joint Fine-Tuning},
  booktitle = {2017 {IEEE} Conference on Computer Vision and Pattern Recognition ({CVPR})}
}
@article{park2018identifying,
  title={Identifying Promising Research Frontiers of Pattern Recognition through Bibliometric Analysis},
  author={Park, Inchae and Yoon, Byungun},
  journal={Sustainability},
  volume={10},
  number={11},
  pages={4055},
  year={2018},
  publisher={Multidisciplinary Digital Publishing Institute}
}
@article{hohman2018visual,
  title={Visual analytics in deep learning: An interrogative survey for the next frontiers},
  author={Hohman, Fred Matthew and Kahng, Minsuk and Pienta, Robert and Chau, Duen Horng},
  journal={IEEE transactions on visualization and computer graphics},
  year={2018},
  publisher={IEEE}
}
@incollection{torrey,
  title={Transfer learning},
  author={Torrey, Lisa and Shavlik, Jude},
  booktitle={Handbook of Research on Machine Learning Applications and Trends: Algorithms, Methods, and Techniques},
  pages={242--264},
  year={2010},
  publisher={IGI Global}
}
@misc{huang1996,
  title={Computer vision: Evolution and promise},
  author={Huang, T},
  year={1996},
  publisher={Cern}
}
@article{Tremblay2018DR,
  author    = {Jonathan Tremblay and
               Aayush Prakash and
               David Acuna and
               Mark Brophy and
               Varun Jampani and
               Cem Anil and
               Thang To and
               Eric Cameracci and
               Shaad Boochoon and
               Stan Birchfield},
  title     = {Training Deep Networks with Synthetic Data: Bridging the Reality Gap
               by Domain Randomization},
  journal   = {CoRR},
  volume    = {abs/1804.06516},
  year      = {2018},
  url       = {http://arxiv.org/abs/1804.06516},
  archivePrefix = {arXiv},
  eprint    = {1804.06516},
  timestamp = {Mon, 13 Aug 2018 16:48:18 +0200},
  biburl    = {https://dblp.org/rec/bib/journals/corr/abs-1804-06516},
  bibsource = {dblp computer science bibliography, https://dblp.org}
}
@article{UnrealStereo,
  author    = {Yi Zhang and
               Weichao Qiu and
               Qi Chen and
               Xiaolin Hu and
               Alan L. Yuille},
  title     = {UnrealStereo: {A} Synthetic Dataset for Analyzing Stereo Vision},
  journal   = {CoRR},
  volume    = {abs/1612.04647},
  year      = {2016},
  url       = {http://arxiv.org/abs/1612.04647},
  archivePrefix = {arXiv},
  eprint    = {1612.04647},
  timestamp = {Mon, 13 Aug 2018 16:47:06 +0200},
  biburl    = {https://dblp.org/rec/bib/journals/corr/ZhangQCHY16},
  bibsource = {dblp computer science bibliography, https://dblp.org}
}

@article{StyleTransfer,
  author    = {Leon A. Gatys and
               Alexander S. Ecker and
               Matthias Bethge},
  title     = {A Neural Algorithm of Artistic Style},
  journal   = {CoRR},
  volume    = {abs/1508.06576},
  year      = {2015},
  url       = {http://arxiv.org/abs/1508.06576},
  archivePrefix = {arXiv},
  eprint    = {1508.06576},
  timestamp = {Mon, 13 Aug 2018 16:48:03 +0200},
  biburl    = {https://dblp.org/rec/bib/journals/corr/GatysEB15a},
  bibsource = {dblp computer science bibliography, https://dblp.org}
}

@article{OpenCV,
    author = {Bradski, G.},
    citeulike-article-id = {2236121},
    journal = {Dr. Dobb's Journal of Software Tools},
    keywords = {bibtex-import},
    posted-at = {2008-01-15 19:21:54},
    priority = {4},
    title = {{The OpenCV Library}},
    year = {2000}
}
@Book{wordnet,
    title = {WordNet: An Electronic Lexical Database},
    author = {Christiane Fellbaum},
    year = {1998},
    publisher = {Bradford Books},
  }
@inproceedings{bias,
  doi = {10.1109/cvpr.2011.5995347},
  url = {https://doi.org/10.1109/cvpr.2011.5995347},
  year  = {2011},
  month = {jun},
  publisher = {{IEEE}},
  author = {Antonio Torralba and Alexei A. Efros},
  title = {Unbiased look at dataset bias},
  booktitle = {{CVPR} 2011}
}

@article{pascal,
  doi = {10.1007/s11263-014-0733-5},
  url = {https://doi.org/10.1007/s11263-014-0733-5},
  year  = {2014},
  month = {jun},
  publisher = {Springer Nature},
  volume = {111},
  number = {1},
  pages = {98--136},
  author = {Mark Everingham and S. M. Ali Eslami and Luc Van Gool and Christopher K. I. Williams and John Winn and Andrew Zisserman},
  title = {The Pascal Visual Object Classes Challenge: A Retrospective},
  journal = {International Journal of Computer Vision}
}
@article{Erik,
  doi = {10.2139/ssrn.1679991},
  url = {https://doi.org/10.2139/ssrn.1679991},
  year  = {2010},
  publisher = {Elsevier {BV}},
  author = {Erik Brynjolfsson and Yu Jeffrey Hu and Michael D. Smith},
  title = {The Longer Tail: The Changing Shape of Amazon's Sales Distribution Curve},
  journal = {{SSRN} Electronic Journal}
}

@inproceedings{imagenet,
  doi = {10.1109/cvpr.2012.6248055},
  url = {https://doi.org/10.1109/cvpr.2012.6248055},
  year  = {2012},
  month = {jun},
  publisher = {{IEEE}},
  author = {M. Guillaumin and V. Ferrari},
  title = {Large-scale knowledge transfer for object localization in {ImageNet}},
  booktitle = {2012 {IEEE} Conference on Computer Vision and Pattern Recognition}
}

}

@misc{ wikipedia,
   author = "{Wikipedia contributors}",
   title = "Kalman Filter --- {W}ikipedia{,} The Free Encyclopedia",
   year = "2018",
   url = "https://en.wikipedia.org/wiki/Kalman_filter",
   note = "[Online; accessada 13 de Junho de 2018]"
 }




@misc{fastai,
  title={fastai},
  author={Howard, Jeremy and others},
  year={2018},
  publisher={GitHub},
  howpublished={\url{https://github.com/fastai/fastai}},
}

@incollection{alexnet,
title = {ImageNet Classification with Deep Convolutional Neural Networks},
author = {Alex Krizhevsky and Sutskever, Ilya and Hinton, Geoffrey E},
booktitle = {Advances in Neural Information Processing Systems 25},
editor = {F. Pereira and C. J. C. Burges and L. Bottou and K. Q. Weinberger},
pages = {1097--1105},
year = {2012},
publisher = {Curran Associates, Inc.},
url = {http://papers.nips.cc/paper/4824-imagenet-classification-with-deep-convolutional-neural-networks.pdf}
}
@book{goodfellow,
  author    = {Ian J. Goodfellow and
               Yoshua Bengio and
               Aaron C. Courville},
  title     = {Deep Learning},
  series    = {Adaptive computation and machine learning},
  publisher = {{MIT} Press},
  year      = {2016},
  url       = {http://www.deeplearningbook.org/},
  isbn      = {978-0-262-03561-3},
  timestamp = {Sat, 25 Mar 2017 00:00:00 +0100},
  biburl    = {https://dblp.org/rec/bib/books/daglib/0040158},
  bibsource = {dblp computer science bibliography, https://dblp.org}
}
@article{horn,
  title={The Devil is in the Tails: Fine-grained Classification in the Wild},
  author={Grant Van Horn and Pietro Perona},
  journal={CoRR},
  year={2017},
  volume={abs/1709.01450}
}
@article{caltech,
  added-at = {2013-02-05T00:00:00.000+0100},
  author = {Li, Fei-Fei and Fergus, Robert and Perona, Pietro},

  ee = {http://dx.doi.org/10.1016/j.cviu.2005.09.012},
  interhash = {deb4b480404bdeebdfa770c5641e978d},
  intrahash = {99e8fe1cccf0774960d3026ad87292b3},
  journal = {Computer Vision and Image Understanding},
  keywords = {dblp},
  number = 1,
  pages = {59-70},
  timestamp = {2013-02-06T11:34:15.000+0100},
  title = {Learning generative visual models from few training examples: An incremental Bayesian approach tested on 101 object categories.},
  volume = 106,
  year = 2007
}

@TechReport{ribeiro,
  author = 	 {Lucas Ribeiro and Luiz Vieiray},
  title = 	 {Projeto Demonstrativo 04},
  institution =  {Universidade de Brasilia},
  year = 	 {2018},
  month = 	 {May},
  note = 	 {Computer Vision course assignment by {Teo de Campos}},
}


@article{KHe,
  author    = {Kaiming He and
               Xiangyu Zhang and
               Shaoqing Ren and
               Jian Sun},
  title     = {Delving Deep into Rectifiers: Surpassing Human-Level Performance on
               ImageNet Classification},
  journal   = {CoRR},
  volume    = {abs/1502.01852},
  year      = {2015},
  url       = {http://arxiv.org/abs/1502.01852},
  archivePrefix = {arXiv},
  eprint    = {1502.01852},
  timestamp = {Mon, 13 Aug 2018 16:47:36 +0200},
  biburl    = {https://dblp.org/rec/bib/journals/corr/HeZR015},
  bibsource = {dblp computer science bibliography, https://dblp.org}
}

@article{PanYang,
 author = {Pan, Sinno Jialin and Yang, Qiang},
 title = {A Survey on Transfer Learning},
 journal = {IEEE Trans. on Knowl. and Data Eng.},
 issue_date = {October 2010},
 volume = {22},
 number = {10},
 month = oct,
 year = {2010},
 issn = {1041-4347},
 pages = {1345--1359},
 numpages = {15},
 url = {http://dx.doi.org/10.1109/TKDE.2009.191},
 doi = {10.1109/TKDE.2009.191},
 acmid = {1850545},
 publisher = {IEEE Educational Activities Department},
 address = {Piscataway, NJ, USA},
 keywords = {Transfer learning, Transfer learning, survey, machine learning, data mining., data mining., machine learning, survey},
} 
@article{DBLP:journals/corr/JiaL17,
  author    = {Robin Jia and
               Percy Liang},
  title     = {Adversarial Examples for Evaluating Reading Comprehension Systems},
  journal   = {CoRR},
  volume    = {abs/1707.07328},
  year      = {2017},
  url       = {http://arxiv.org/abs/1707.07328},
  archivePrefix = {arXiv},
  eprint    = {1707.07328},
  timestamp = {Mon, 13 Aug 2018 16:49:04 +0200},
  biburl    = {https://dblp.org/rec/bib/journals/corr/JiaL17},
  bibsource = {dblp computer science bibliography, https://dblp.org}
}

 %{AMS}
 @String{AMSTrans = "American Mathematical Society Translations" }
 @String{AMSTrans = "Amer. Math. Soc. Transl." }
 @String{BullAMS = "Bulletin of the American Mathematical Society" }
 @String{BullAMS = "Bull. Amer. Math. Soc." }
 @String{ProcAMS = "Proceedings of the American Mathematical Society" }
 @String{ProcAMS = "Proc. Amer. Math. Soc." }
 @String{TransAMS = "Transactions of the American Mathematical Society" }
 @String{TransAMS = "Trans. Amer. Math. Soc." }

 %ACM
 @String{CACM = "Communications of the {ACM}" }
 @String{CACM = "Commun. {ACM}" }
 @String{CompServ = "Comput. Surveys" }
 @String{JACM = "J. ACM" }
 @String{ACMMathSoft = "{ACM} Transactions on Mathematical Software" }
 @String{ACMMathSoft = "{ACM} Trans. Math. Software" }
 @String{SIGNUM = "{ACM} {SIGNUM} Newsletter" }
 @String{SIGNUM = "{ACM} {SIGNUM} Newslett." }

 @String{AmerSocio = "American Journal of Sociology" }
 @String{AmerStatAssoc = "Journal of the American Statistical Association" }
 @String{AmerStatAssoc = "J. Amer. Statist. Assoc." }
 @String{ApplMathComp = "Applied Mathematics and Computation" }
 @String{ApplMathComp = "Appl. Math. Comput." }
 @String{AmerMathMonthly = "American Mathematical Monthly" }
 @String{AmerMathMonthly = "Amer. Math. Monthly" }
 @String{BIT = "{BIT}" }
 @String{BritStatPsych = "British Journal of Mathematical and Statistical
          Psychology" }
 @String{BritStatPsych = "Brit. J. Math. Statist. Psych." }
 @String{CanMathBull = "Canadian Mathematical Bulletin" }
 @String{CanMathBull = "Canad. Math. Bull." }
 @String{CompApplMath = "Journal of Computational and Applied Mathematics" }
 @String{CompApplMath = "J. Comput. Appl. Math." }
 @String{CompPhys = "Journal of Computational Physics" }
 @String{CompPhys = "J. Comput. Phys." }
 @String{CompStruct = "Computers and Structures" }
 @String{CompStruct = "Comput. \& Structures" }
 @String{CompJour = "The Computer Journal" }
 @String{CompJour = "Comput. J." }
 @String{CompSysSci = "Journal of Computer and System Sciences" }
 @String{CompSysSci = "J. Comput. System Sci." }
 @String{Computing = "Computing" }
 @String{ContempMath = "Contemporary Mathematics" }
 @String{ContempMath = "Contemp. Math." }
 @String{Crelle = "Crelle's Journal" }
 @String{GiornaleMath = "Giornale di Mathematiche" }
 @String{GiornaleMath = "Giorn. Mat." } % didn't find in AMS MR., ibid.

 %IEEE
 @String{Computer = "{IEEE} Computer" }
 @String{IEEETransComp = "{IEEE} Transactions on Computers" }
 @String{IEEETransComp = "{IEEE} Trans. Comput." }
 @String{IEEETransAC = "{IEEE} Transactions on Automatic Control" }
 @String{IEEETransAC = "{IEEE} Trans. Automat. Control" }
 @String{IEEESpec = "{IEEE} Spectrum" } % didn't find in AMS MR
 @String{ProcIEEE = "Proceedings of the {IEEE}" }
 @String{ProcIEEE = "Proc. {IEEE}" } % didn't find in AMS MR
 @String{IEEETransAeroElec = "{IEEE} Transactions on Aerospace and Electronic
     Systems" }
 @String{IEEETransAeroElec = "{IEEE} Trans. Aerospace Electron. Systems" }

 @String{IMANumerAna = "{IMA} Journal of Numerical Analysis" }
 @String{IMANumerAna = "{IMA} J. Numer. Anal." }
 @String{InfProcLet = "Information Processing Letters" }
 @String{InfProcLet = "Inform. Process. Lett." }
 @String{InstMathApp = "Journal of the Institute of Mathematics and
     its Applications" }
 @String{InstMathApp = "J. Inst. Math. Appl." }
 @String{IntControl = "International Journal of Control" }
 @String{IntControl = "Internat. J. Control" }
 @String{IntNumerEng = "International Journal for Numerical Methods in
     Engineering" }
 @String{IntNumerEng = "Internat. J. Numer. Methods Engrg." }
 @String{IntSuper = "International Journal of Supercomputing Applications" }
 @String{IntSuper = "Internat. J. Supercomputing Applic." } % didn't find
%% in AMS MR
 @String{Kibernetika = "Kibernetika" }
 @String{JResNatBurStand = "Journal of Research of the National Bureau
     of Standards" }
 @String{JResNatBurStand = "J. Res. Nat. Bur. Standards" }
 @String{LinAlgApp = "Linear Algebra and its Applications" }
 @String{LinAlgApp = "Linear Algebra Appl." }
 @String{MathAnaAppl = "Journal of Mathematical Analysis and Applications" }
 @String{MathAnaAppl = "J. Math. Anal. Appl." }
 @String{MathAnnalen = "Mathematische Annalen" }
 @String{MathAnnalen = "Math. Ann." }
 @String{MathPhys = "Journal of Mathematical Physics" }
 @String{MathPhys = "J. Math. Phys." }
 @String{MathComp = "Mathematics of Computation" }
 @String{MathComp = "Math. Comp." }
 @String{MathScand = "Mathematica Scandinavica" }
 @String{MathScand = "Math. Scand." }
 @String{TablesAidsComp = "Mathematical Tables and Other Aids to Computation" }
 @String{TablesAidsComp = "Math. Tables Aids Comput." }
 @String{NumerMath = "Numerische Mathematik" }
 @String{NumerMath = "Numer. Math." }
 @String{PacificMath = "Pacific Journal of Mathematics" }
 @String{PacificMath = "Pacific J. Math." }
 @String{ParDistComp = "Journal of Parallel and Distributed Computing" }
 @String{ParDistComp = "J. Parallel and Distrib. Comput." } % didn't find
%% in AMS MR
 @String{ParComputing = "Parallel Computing" }
 @String{ParComputing = "Parallel Comput." }
 @String{PhilMag = "Philosophical Magazine" }
 @String{PhilMag = "Philos. Mag." }
 @String{ProcNAS = "Proceedings of the National Academy of Sciences
                    of the USA" }
 @String{ProcNAS = "Proc. Nat. Acad. Sci. U. S. A." }
 @String{Psychometrika = "Psychometrika" }
 @String{QuartMath = "Quarterly Journal of Mathematics, Oxford, Series (2)" }
 @String{QuartMath = "Quart. J. Math. Oxford Ser. (2)" }
 @String{QuartApplMath = "Quarterly of Applied Mathematics" }
 @String{QuartApplMath = "Quart. Appl. Math." }
 @String{RevueInstStat = "Review of the International Statisical Institute" }
 @String{RevueInstStat = "Rev. Inst. Internat. Statist." }

 %SIAM
 @String{JSIAM = "Journal of the Society for Industrial and Applied
     Mathematics" }
 @String{JSIAM = "J. Soc. Indust. Appl. Math." }
 @String{JSIAMB = "Journal of the Society for Industrial and Applied
     Mathematics, Series B, Numerical Analysis" }
 @String{JSIAMB = "J. Soc. Indust. Appl. Math. Ser. B Numer. Anal." }
 @String{SIAMAlgMeth = "{SIAM} Journal on Algebraic and Discrete Methods" }
 @String{SIAMAlgMeth = "{SIAM} J. Algebraic Discrete Methods" }
 @String{SIAMAppMath = "{SIAM} Journal on Applied Mathematics" }
 @String{SIAMAppMath = "{SIAM} J. Appl. Math." }
 @String{SIAMComp = "{SIAM} Journal on Computing" }
 @String{SIAMComp = "{SIAM} J. Comput." }
 @String{SIAMMatrix = "{SIAM} Journal on Matrix Analysis and Applications" }
 @String{SIAMMatrix = "{SIAM} J. Matrix Anal. Appl." }
 @String{SIAMNumAnal = "{SIAM} Journal on Numerical Analysis" }
 @String{SIAMNumAnal = "{SIAM} J. Numer. Anal." }
 @String{SIAMReview = "{SIAM} Review" }
 @String{SIAMReview = "{SIAM} Rev." }
 @String{SIAMSciStat = "{SIAM} Journal on Scientific and Statistical
     Computing" }
 @String{SIAMSciStat = "{SIAM} J. Sci. Statist. Comput." }

 @String{SoftPracExp = "Software Practice and Experience" }
 @String{SoftPracExp = "Software Prac. Experience" } % didn't find in AMS MR
 @String{StatScience = "Statistical Science" }
 @String{StatScience = "Statist. Sci." }
 @String{Techno = "Technometrics" }
 @String{USSRCompMathPhys = "{USSR} Computational Mathematics and Mathematical
     Physics" }
 @String{USSRCompMathPhys = "{U. S. S. R.} Comput. Math. and Math. Phys." }
 @String{VLSICompSys = "Journal of {VLSI} and Computer Systems" }
 @String{VLSICompSys = "J. {VLSI} Comput. Syst." }
 @String{ZAngewMathMech = "Zeitschrift fur Angewandte Mathematik und
     Mechanik" }
 @String{ZAngewMathMech = "Z. Angew. Math. Mech." }
 @String{ZAngewMathPhys = "Zeitschrift fur Angewandte Mathematik und Physik" }
 @String{ZAngewMathPhys = "Z. Angew. Math. Phys." }

% Publishers % ================================================= |

 @String{Academic = "Academic Press" }
 @String{ACMPress = "{ACM} Press" }
 @String{AdamHilger = "Adam Hilger" }
 @String{AddisonWesley = "Addison-Wesley" }
 @String{AllynBacon = "Allyn and Bacon" }
 @String{AMS = "American Mathematical Society" }
 @String{Birkhauser = "Birkha{\"u}ser" }
 @String{CambridgePress = "Cambridge University Press" }
 @String{Chelsea = "Chelsea" }
 @String{ClaredonPress = "Claredon Press" }
 @String{DoverPub = "Dover Publications" }
 @String{Eyolles = "Eyolles" }
 @String{HoltRinehartWinston = "Holt, Rinehart and Winston" }
 @String{Interscience = "Interscience" }
 @String{JohnsHopkinsPress = "The Johns Hopkins University Press" }
 @String{JohnWileySons = "John Wiley and Sons" }
 @String{Macmillan = "Macmillan" }
 @String{MathWorks = "The Math Works Inc." }
 @String{McGrawHill = "McGraw-Hill" }
 @String{NatBurStd = "National Bureau of Standards" }
 @String{NorthHolland = "North-Holland" }
 @String{OxfordPress = "Oxford University Press" }  %address Oxford or London?
 @String{PergamonPress = "Pergamon Press" }
 @String{PlenumPress = "Plenum Press" }
 @String{PrenticeHall = "Prentice-Hall" }
 @String{SIAMPub = "{SIAM} Publications" }
 @String{Springer = "Springer-Verlag" }
 @String{TexasPress = "University of Texas Press" }
 @String{VanNostrand = "Van Nostrand" }
 @String{WHFreeman = "W. H. Freeman and Co." }

%Entries

