@inproceedings{Mariano,
author = {Mariano, Ari and Santos, Maíra},
year = {2017},
month = {09},
pages = {},
title = {Revisão da Literatura: Apresentação de uma Abordagem Integradora}
}
@article{kessler2017scattertext,
  author    = {Kessler, Jason S.},
  title     = {Scattertext: a Browser-Based Tool for Visualizing how Corpora Differ},
  booktitle = {Proceedings of ACL-2017 System Demonstrations},
  year      = {2017},
  address   = {Vancouver, Canada},
  publisher = {Association for Computational Linguistics},
}

@article{Vogel2012,
  doi = {10.1111/ijmr.12000},
  url = {https://doi.org/10.1111/ijmr.12000},
  year  = {2012},
  month = {oct},
  publisher = {Wiley},
  pages = {n/a--n/a},
  author = {Rick Vogel and Wolfgang H. G\"{u}ttel},
  title = {The Dynamic Capability View in Strategic Management: A Bibliometric Review},
  journal = {International Journal of Management Reviews}
}
@article{VOSviewer,
  doi = {10.1007/s11192-009-0146-3},
  url = {https://doi.org/10.1007/s11192-009-0146-3},
  year  = {2009},
  month = {dec},
  publisher = {Springer Nature},
  volume = {84},
  number = {2},
  pages = {523--538},
  author = {Nees Jan van Eck and Ludo Waltman},
  title = {Software survey: {VOSviewer},  a computer program for bibliometric mapping},
  journal = {Scientometrics}
}
@inproceedings{wifi,
  title={Through-wall human pose estimation using radio signals},
  author={Zhao, Mingmin and Li, Tianhong and Abu Alsheikh, Mohammad and Tian, Yonglong and Zhao, Hang and Torralba, Antonio and Katabi, Dina},
  booktitle={Proceedings of the IEEE Conference on Computer Vision and Pattern Recognition},
  pages={7356--7365},
  year={2018}
}

@misc{fei,
  title={Where have we been? Where are we going?},
  author={L. Fei-Fei, J. Deng},
  year={2017},
  publisher={http://image-net.org/},
  howpublished={\url{http://image-net.org/challenges/talks_2017/imagenet_ilsvrc2017_v1.0.pdf}},
  note = "[Online; accessada 28 de Junho de 2018]"
}

@article{skin_cancer,
author = {Haenssle, H A and Fink, C and Schneiderbauer, R and Toberer, F and Buhl, T and Blum, A and Kalloo, A and Hassen, A Ben Hadj and Thomas, L and Enk, A and Uhlmann, L and Reader study level-I and level-II Groups },
title = {Man against machine: diagnostic performance of a deep learning convolutional neural network for dermoscopic melanoma recognition in comparison to 58 dermatologists},
journal = {Annals of Oncology},
volume = {29},
number = {8},
pages = {1836-1842},
year = {2018},
doi = {10.1093/annonc/mdy166},
URL = {http://dx.doi.org/10.1093/annonc/mdy166},
}

@book{Thrun:1998:LL:296635,
 editor = {Thrun, Sebastian and Pratt, Lorien},
 title = {Learning to Learn},
 year = {1998},
 isbn = {0-7923-8047-9},
 publisher = {Kluwer Academic Publishers},
 address = {Norwell, MA, USA},
} 


@book{csurka2017domain,
  title={Domain adaptation in computer vision applications},
  author={Csurka, Gabriela},
  year={2017},
  publisher={Springer}
}
@inproceedings{deeptransferlearning,
  title={A Survey on Deep Transfer Learning},
  author={Tan, Chuanqi and Sun, Fuchun and Kong, Tao and Zhang, Wenchang and Yang, Chao and Liu, Chunfang},
  booktitle={International Conference on Artificial Neural Networks},
  pages={270--279},
  year={2018},
  organization={Springer}
}
@misc{ANg,
  title={Nuts and bolts of applying deep learning},
  author={Ng, Andrew},
  publisher={NeurIPS Tutorial},
  year={2016},
  url = {https://www.youtube.com/watch?v=F1ka6a13S9I&t=98s},
  note = "[Online; accessado 20 de novembro de 2018.]"
  
}

@article{Koch2006,
  doi = {10.1016/j.cub.2006.05.056},
  url = {https://doi.org/10.1016/j.cub.2006.05.056},
  year  = {2006},
  month = {jul},
  publisher = {Elsevier {BV}},
  volume = {16},
  number = {14},
  pages = {1428--1434},
  author = {Kristin Koch and Judith McLean and Ronen Segev and Michael A. Freed and Michael J. Berry and Vijay Balasubramanian and Peter Sterling},
  title = {How Much the Eye Tells the Brain},
  journal = {Current Biology}
}
@incollection{torrey,
  title={Transfer learning},
  author={Torrey, Lisa and Shavlik, Jude},
  booktitle={Handbook of Research on Machine Learning Applications and Trends: Algorithms, Methods, and Techniques},
  pages={242--264},
  year={2010},
  publisher={IGI Global}
}
@misc{huang1996,
  title={Computer vision: Evolution and promise},
  author={Huang, T},
  year={1996},
  publisher={Cern}
}
@article{Tremblay2018DR,
  author    = {Jonathan Tremblay and
               Aayush Prakash and
               David Acuna and
               Mark Brophy and
               Varun Jampani and
               Cem Anil and
               Thang To and
               Eric Cameracci and
               Shaad Boochoon and
               Stan Birchfield},
  title     = {Training Deep Networks with Synthetic Data: Bridging the Reality Gap
               by Domain Randomization},
  journal   = {CoRR},
  volume    = {abs/1804.06516},
  year      = {2018},
  url       = {http://arxiv.org/abs/1804.06516},
  archivePrefix = {arXiv},
  eprint    = {1804.06516},
  timestamp = {Mon, 13 Aug 2018 16:48:18 +0200},
  biburl    = {https://dblp.org/rec/bib/journals/corr/abs-1804-06516},
  bibsource = {dblp computer science bibliography, https://dblp.org}
}
@article{UnrealStereo,
  author    = {Yi Zhang and
               Weichao Qiu and
               Qi Chen and
               Xiaolin Hu and
               Alan L. Yuille},
  title     = {UnrealStereo: {A} Synthetic Dataset for Analyzing Stereo Vision},
  journal   = {CoRR},
  volume    = {abs/1612.04647},
  year      = {2016},
  url       = {http://arxiv.org/abs/1612.04647},
  archivePrefix = {arXiv},
  eprint    = {1612.04647},
  timestamp = {Mon, 13 Aug 2018 16:47:06 +0200},
  biburl    = {https://dblp.org/rec/bib/journals/corr/ZhangQCHY16},
  bibsource = {dblp computer science bibliography, https://dblp.org}
}

@article{StyleTransfer,
  author    = {Leon A. Gatys and
               Alexander S. Ecker and
               Matthias Bethge},
  title     = {A Neural Algorithm of Artistic Style},
  journal   = {CoRR},
  volume    = {abs/1508.06576},
  year      = {2015},
  url       = {http://arxiv.org/abs/1508.06576},
  archivePrefix = {arXiv},
  eprint    = {1508.06576},
  timestamp = {Mon, 13 Aug 2018 16:48:03 +0200},
  biburl    = {https://dblp.org/rec/bib/journals/corr/GatysEB15a},
  bibsource = {dblp computer science bibliography, https://dblp.org}
}

@article{OpenCV,
    author = {Bradski, G.},
    citeulike-article-id = {2236121},
    journal = {Dr. Dobb's Journal of Software Tools},
    keywords = {bibtex-import},
    posted-at = {2008-01-15 19:21:54},
    priority = {4},
    title = {{The OpenCV Library}},
    year = {2000}
}
@Book{wordnet,
    title = {WordNet: An Electronic Lexical Database},
    author = {Christiane Fellbaum},
    year = {1998},
    publisher = {Bradford Books},
  }
@inproceedings{bias,
  doi = {10.1109/cvpr.2011.5995347},
  url = {https://doi.org/10.1109/cvpr.2011.5995347},
  year  = {2011},
  month = {jun},
  publisher = {{IEEE}},
  author = {Antonio Torralba and Alexei A. Efros},
  title = {Unbiased look at dataset bias},
  booktitle = {{CVPR} 2011}
}

@article{pascal,
  doi = {10.1007/s11263-014-0733-5},
  url = {https://doi.org/10.1007/s11263-014-0733-5},
  year  = {2014},
  month = {jun},
  publisher = {Springer Nature},
  volume = {111},
  number = {1},
  pages = {98--136},
  author = {Mark Everingham and S. M. Ali Eslami and Luc Van Gool and Christopher K. I. Williams and John Winn and Andrew Zisserman},
  title = {The Pascal Visual Object Classes Challenge: A Retrospective},
  journal = {International Journal of Computer Vision}
}
@article{Erik,
  doi = {10.2139/ssrn.1679991},
  url = {https://doi.org/10.2139/ssrn.1679991},
  year  = {2010},
  publisher = {Elsevier {BV}},
  author = {Erik Brynjolfsson and Yu Jeffrey Hu and Michael D. Smith},
  title = {The Longer Tail: The Changing Shape of Amazon's Sales Distribution Curve},
  journal = {{SSRN} Electronic Journal}
}

@inproceedings{imagenet,
  doi = {10.1109/cvpr.2012.6248055},
  url = {https://doi.org/10.1109/cvpr.2012.6248055},
  year  = {2012},
  month = {jun},
  publisher = {{IEEE}},
  author = {M. Guillaumin and V. Ferrari},
  title = {Large-scale knowledge transfer for object localization in {ImageNet}},
  booktitle = {2012 {IEEE} Conference on Computer Vision and Pattern Recognition}
}

}

@misc{ wikipedia,
   author = "{Wikipedia contributors}",
   title = "Kalman Filter --- {W}ikipedia{,} The Free Encyclopedia",
   year = "2018",
   url = "https://en.wikipedia.org/wiki/Kalman_filter",
   note = "[Online; accessada 13 de Junho de 2018]"
 }




@misc{fastai,
  title={fastai},
  author={Howard, Jeremy and others},
  year={2018},
  publisher={GitHub},
  howpublished={\url{https://github.com/fastai/fastai}},
}

@incollection{alexnet,
title = {ImageNet Classification with Deep Convolutional Neural Networks},
author = {Alex Krizhevsky and Sutskever, Ilya and Hinton, Geoffrey E},
booktitle = {Advances in Neural Information Processing Systems 25},
editor = {F. Pereira and C. J. C. Burges and L. Bottou and K. Q. Weinberger},
pages = {1097--1105},
year = {2012},
publisher = {Curran Associates, Inc.},
url = {http://papers.nips.cc/paper/4824-imagenet-classification-with-deep-convolutional-neural-networks.pdf}
}
@book{goodfellow,
  author    = {Ian J. Goodfellow and
               Yoshua Bengio and
               Aaron C. Courville},
  title     = {Deep Learning},
  series    = {Adaptive computation and machine learning},
  publisher = {{MIT} Press},
  year      = {2016},
  url       = {http://www.deeplearningbook.org/},
  isbn      = {978-0-262-03561-3},
  timestamp = {Sat, 25 Mar 2017 00:00:00 +0100},
  biburl    = {https://dblp.org/rec/bib/books/daglib/0040158},
  bibsource = {dblp computer science bibliography, https://dblp.org}
}
@article{horn,
  title={The Devil is in the Tails: Fine-grained Classification in the Wild},
  author={Grant Van Horn and Pietro Perona},
  journal={CoRR},
  year={2017},
  volume={abs/1709.01450}
}
@article{caltech,
  added-at = {2013-02-05T00:00:00.000+0100},
  author = {Li, Fei-Fei and Fergus, Robert and Perona, Pietro},

  ee = {http://dx.doi.org/10.1016/j.cviu.2005.09.012},
  interhash = {deb4b480404bdeebdfa770c5641e978d},
  intrahash = {99e8fe1cccf0774960d3026ad87292b3},
  journal = {Computer Vision and Image Understanding},
  keywords = {dblp},
  number = 1,
  pages = {59-70},
  timestamp = {2013-02-06T11:34:15.000+0100},
  title = {Learning generative visual models from few training examples: An incremental Bayesian approach tested on 101 object categories.},
  volume = 106,
  year = 2007
}

@TechReport{ribeiro,
  author = 	 {Lucas Ribeiro and Luiz Vieiray},
  title = 	 {Projeto Demonstrativo 04},
  institution =  {Universidade de Brasilia},
  year = 	 {2018},
  month = 	 {May},
  note = 	 {Computer Vision course assignment by {Teo de Campos}},
}


@article{KHe,
  author    = {Kaiming He and
               Xiangyu Zhang and
               Shaoqing Ren and
               Jian Sun},
  title     = {Delving Deep into Rectifiers: Surpassing Human-Level Performance on
               ImageNet Classification},
  journal   = {CoRR},
  volume    = {abs/1502.01852},
  year      = {2015},
  url       = {http://arxiv.org/abs/1502.01852},
  archivePrefix = {arXiv},
  eprint    = {1502.01852},
  timestamp = {Mon, 13 Aug 2018 16:47:36 +0200},
  biburl    = {https://dblp.org/rec/bib/journals/corr/HeZR015},
  bibsource = {dblp computer science bibliography, https://dblp.org}
}

@article{PanYang,
 author = {Pan, Sinno Jialin and Yang, Qiang},
 title = {A Survey on Transfer Learning},
 journal = {IEEE Trans. on Knowl. and Data Eng.},
 issue_date = {October 2010},
 volume = {22},
 number = {10},
 month = oct,
 year = {2010},
 issn = {1041-4347},
 pages = {1345--1359},
 numpages = {15},
 url = {http://dx.doi.org/10.1109/TKDE.2009.191},
 doi = {10.1109/TKDE.2009.191},
 acmid = {1850545},
 publisher = {IEEE Educational Activities Department},
 address = {Piscataway, NJ, USA},
 keywords = {Transfer learning, Transfer learning, survey, machine learning, data mining., data mining., machine learning, survey},
} 
@article{DBLP:journals/corr/JiaL17,
  author    = {Robin Jia and
               Percy Liang},
  title     = {Adversarial Examples for Evaluating Reading Comprehension Systems},
  journal   = {CoRR},
  volume    = {abs/1707.07328},
  year      = {2017},
  url       = {http://arxiv.org/abs/1707.07328},
  archivePrefix = {arXiv},
  eprint    = {1707.07328},
  timestamp = {Mon, 13 Aug 2018 16:49:04 +0200},
  biburl    = {https://dblp.org/rec/bib/journals/corr/JiaL17},
  bibsource = {dblp computer science bibliography, https://dblp.org}
}

 %{AMS}
 @String{AMSTrans = "American Mathematical Society Translations" }
 @String{AMSTrans = "Amer. Math. Soc. Transl." }
 @String{BullAMS = "Bulletin of the American Mathematical Society" }
 @String{BullAMS = "Bull. Amer. Math. Soc." }
 @String{ProcAMS = "Proceedings of the American Mathematical Society" }
 @String{ProcAMS = "Proc. Amer. Math. Soc." }
 @String{TransAMS = "Transactions of the American Mathematical Society" }
 @String{TransAMS = "Trans. Amer. Math. Soc." }

 %ACM
 @String{CACM = "Communications of the {ACM}" }
 @String{CACM = "Commun. {ACM}" }
 @String{CompServ = "Comput. Surveys" }
 @String{JACM = "J. ACM" }
 @String{ACMMathSoft = "{ACM} Transactions on Mathematical Software" }
 @String{ACMMathSoft = "{ACM} Trans. Math. Software" }
 @String{SIGNUM = "{ACM} {SIGNUM} Newsletter" }
 @String{SIGNUM = "{ACM} {SIGNUM} Newslett." }

 @String{AmerSocio = "American Journal of Sociology" }
 @String{AmerStatAssoc = "Journal of the American Statistical Association" }
 @String{AmerStatAssoc = "J. Amer. Statist. Assoc." }
 @String{ApplMathComp = "Applied Mathematics and Computation" }
 @String{ApplMathComp = "Appl. Math. Comput." }
 @String{AmerMathMonthly = "American Mathematical Monthly" }
 @String{AmerMathMonthly = "Amer. Math. Monthly" }
 @String{BIT = "{BIT}" }
 @String{BritStatPsych = "British Journal of Mathematical and Statistical
          Psychology" }
 @String{BritStatPsych = "Brit. J. Math. Statist. Psych." }
 @String{CanMathBull = "Canadian Mathematical Bulletin" }
 @String{CanMathBull = "Canad. Math. Bull." }
 @String{CompApplMath = "Journal of Computational and Applied Mathematics" }
 @String{CompApplMath = "J. Comput. Appl. Math." }
 @String{CompPhys = "Journal of Computational Physics" }
 @String{CompPhys = "J. Comput. Phys." }
 @String{CompStruct = "Computers and Structures" }
 @String{CompStruct = "Comput. \& Structures" }
 @String{CompJour = "The Computer Journal" }
 @String{CompJour = "Comput. J." }
 @String{CompSysSci = "Journal of Computer and System Sciences" }
 @String{CompSysSci = "J. Comput. System Sci." }
 @String{Computing = "Computing" }
 @String{ContempMath = "Contemporary Mathematics" }
 @String{ContempMath = "Contemp. Math." }
 @String{Crelle = "Crelle's Journal" }
 @String{GiornaleMath = "Giornale di Mathematiche" }
 @String{GiornaleMath = "Giorn. Mat." } % didn't find in AMS MR., ibid.

 %IEEE
 @String{Computer = "{IEEE} Computer" }
 @String{IEEETransComp = "{IEEE} Transactions on Computers" }
 @String{IEEETransComp = "{IEEE} Trans. Comput." }
 @String{IEEETransAC = "{IEEE} Transactions on Automatic Control" }
 @String{IEEETransAC = "{IEEE} Trans. Automat. Control" }
 @String{IEEESpec = "{IEEE} Spectrum" } % didn't find in AMS MR
 @String{ProcIEEE = "Proceedings of the {IEEE}" }
 @String{ProcIEEE = "Proc. {IEEE}" } % didn't find in AMS MR
 @String{IEEETransAeroElec = "{IEEE} Transactions on Aerospace and Electronic
     Systems" }
 @String{IEEETransAeroElec = "{IEEE} Trans. Aerospace Electron. Systems" }

 @String{IMANumerAna = "{IMA} Journal of Numerical Analysis" }
 @String{IMANumerAna = "{IMA} J. Numer. Anal." }
 @String{InfProcLet = "Information Processing Letters" }
 @String{InfProcLet = "Inform. Process. Lett." }
 @String{InstMathApp = "Journal of the Institute of Mathematics and
     its Applications" }
 @String{InstMathApp = "J. Inst. Math. Appl." }
 @String{IntControl = "International Journal of Control" }
 @String{IntControl = "Internat. J. Control" }
 @String{IntNumerEng = "International Journal for Numerical Methods in
     Engineering" }
 @String{IntNumerEng = "Internat. J. Numer. Methods Engrg." }
 @String{IntSuper = "International Journal of Supercomputing Applications" }
 @String{IntSuper = "Internat. J. Supercomputing Applic." } % didn't find
%% in AMS MR
 @String{Kibernetika = "Kibernetika" }
 @String{JResNatBurStand = "Journal of Research of the National Bureau
     of Standards" }
 @String{JResNatBurStand = "J. Res. Nat. Bur. Standards" }
 @String{LinAlgApp = "Linear Algebra and its Applications" }
 @String{LinAlgApp = "Linear Algebra Appl." }
 @String{MathAnaAppl = "Journal of Mathematical Analysis and Applications" }
 @String{MathAnaAppl = "J. Math. Anal. Appl." }
 @String{MathAnnalen = "Mathematische Annalen" }
 @String{MathAnnalen = "Math. Ann." }
 @String{MathPhys = "Journal of Mathematical Physics" }
 @String{MathPhys = "J. Math. Phys." }
 @String{MathComp = "Mathematics of Computation" }
 @String{MathComp = "Math. Comp." }
 @String{MathScand = "Mathematica Scandinavica" }
 @String{MathScand = "Math. Scand." }
 @String{TablesAidsComp = "Mathematical Tables and Other Aids to Computation" }
 @String{TablesAidsComp = "Math. Tables Aids Comput." }
 @String{NumerMath = "Numerische Mathematik" }
 @String{NumerMath = "Numer. Math." }
 @String{PacificMath = "Pacific Journal of Mathematics" }
 @String{PacificMath = "Pacific J. Math." }
 @String{ParDistComp = "Journal of Parallel and Distributed Computing" }
 @String{ParDistComp = "J. Parallel and Distrib. Comput." } % didn't find
%% in AMS MR
 @String{ParComputing = "Parallel Computing" }
 @String{ParComputing = "Parallel Comput." }
 @String{PhilMag = "Philosophical Magazine" }
 @String{PhilMag = "Philos. Mag." }
 @String{ProcNAS = "Proceedings of the National Academy of Sciences
                    of the USA" }
 @String{ProcNAS = "Proc. Nat. Acad. Sci. U. S. A." }
 @String{Psychometrika = "Psychometrika" }
 @String{QuartMath = "Quarterly Journal of Mathematics, Oxford, Series (2)" }
 @String{QuartMath = "Quart. J. Math. Oxford Ser. (2)" }
 @String{QuartApplMath = "Quarterly of Applied Mathematics" }
 @String{QuartApplMath = "Quart. Appl. Math." }
 @String{RevueInstStat = "Review of the International Statisical Institute" }
 @String{RevueInstStat = "Rev. Inst. Internat. Statist." }

 %SIAM
 @String{JSIAM = "Journal of the Society for Industrial and Applied
     Mathematics" }
 @String{JSIAM = "J. Soc. Indust. Appl. Math." }
 @String{JSIAMB = "Journal of the Society for Industrial and Applied
     Mathematics, Series B, Numerical Analysis" }
 @String{JSIAMB = "J. Soc. Indust. Appl. Math. Ser. B Numer. Anal." }
 @String{SIAMAlgMeth = "{SIAM} Journal on Algebraic and Discrete Methods" }
 @String{SIAMAlgMeth = "{SIAM} J. Algebraic Discrete Methods" }
 @String{SIAMAppMath = "{SIAM} Journal on Applied Mathematics" }
 @String{SIAMAppMath = "{SIAM} J. Appl. Math." }
 @String{SIAMComp = "{SIAM} Journal on Computing" }
 @String{SIAMComp = "{SIAM} J. Comput." }
 @String{SIAMMatrix = "{SIAM} Journal on Matrix Analysis and Applications" }
 @String{SIAMMatrix = "{SIAM} J. Matrix Anal. Appl." }
 @String{SIAMNumAnal = "{SIAM} Journal on Numerical Analysis" }
 @String{SIAMNumAnal = "{SIAM} J. Numer. Anal." }
 @String{SIAMReview = "{SIAM} Review" }
 @String{SIAMReview = "{SIAM} Rev." }
 @String{SIAMSciStat = "{SIAM} Journal on Scientific and Statistical
     Computing" }
 @String{SIAMSciStat = "{SIAM} J. Sci. Statist. Comput." }

 @String{SoftPracExp = "Software Practice and Experience" }
 @String{SoftPracExp = "Software Prac. Experience" } % didn't find in AMS MR
 @String{StatScience = "Statistical Science" }
 @String{StatScience = "Statist. Sci." }
 @String{Techno = "Technometrics" }
 @String{USSRCompMathPhys = "{USSR} Computational Mathematics and Mathematical
     Physics" }
 @String{USSRCompMathPhys = "{U. S. S. R.} Comput. Math. and Math. Phys." }
 @String{VLSICompSys = "Journal of {VLSI} and Computer Systems" }
 @String{VLSICompSys = "J. {VLSI} Comput. Syst." }
 @String{ZAngewMathMech = "Zeitschrift fur Angewandte Mathematik und
     Mechanik" }
 @String{ZAngewMathMech = "Z. Angew. Math. Mech." }
 @String{ZAngewMathPhys = "Zeitschrift fur Angewandte Mathematik und Physik" }
 @String{ZAngewMathPhys = "Z. Angew. Math. Phys." }

% Publishers % ================================================= |

 @String{Academic = "Academic Press" }
 @String{ACMPress = "{ACM} Press" }
 @String{AdamHilger = "Adam Hilger" }
 @String{AddisonWesley = "Addison-Wesley" }
 @String{AllynBacon = "Allyn and Bacon" }
 @String{AMS = "American Mathematical Society" }
 @String{Birkhauser = "Birkha{\"u}ser" }
 @String{CambridgePress = "Cambridge University Press" }
 @String{Chelsea = "Chelsea" }
 @String{ClaredonPress = "Claredon Press" }
 @String{DoverPub = "Dover Publications" }
 @String{Eyolles = "Eyolles" }
 @String{HoltRinehartWinston = "Holt, Rinehart and Winston" }
 @String{Interscience = "Interscience" }
 @String{JohnsHopkinsPress = "The Johns Hopkins University Press" }
 @String{JohnWileySons = "John Wiley and Sons" }
 @String{Macmillan = "Macmillan" }
 @String{MathWorks = "The Math Works Inc." }
 @String{McGrawHill = "McGraw-Hill" }
 @String{NatBurStd = "National Bureau of Standards" }
 @String{NorthHolland = "North-Holland" }
 @String{OxfordPress = "Oxford University Press" }  %address Oxford or London?
 @String{PergamonPress = "Pergamon Press" }
 @String{PlenumPress = "Plenum Press" }
 @String{PrenticeHall = "Prentice-Hall" }
 @String{SIAMPub = "{SIAM} Publications" }
 @String{Springer = "Springer-Verlag" }
 @String{TexasPress = "University of Texas Press" }
 @String{VanNostrand = "Van Nostrand" }
 @String{WHFreeman = "W. H. Freeman and Co." }

%Entries

